<record><leader>00000cas a2200000 a 4500</leader><controlfield tag="001">9337879</controlfield><controlfield tag="008">830323d18231840ctuwr ne      0    0eng  </controlfield><datafield ind1=" " ind2=" " tag="010"><subfield code="a">sn 82016451 </subfield></datafield><datafield ind1=" " ind2=" " tag="040"><subfield code="a">DLC</subfield><subfield code="b">eng</subfield><subfield code="c">DLC</subfield><subfield code="d">NPX</subfield><subfield code="d">DLC</subfield><subfield code="d">KNP</subfield><subfield code="d">YOX</subfield><subfield code="d">ANU</subfield><subfield code="d">NYS</subfield><subfield code="d">MGN</subfield><subfield code="d">CNW</subfield><subfield code="d">CNK</subfield><subfield code="d">CNW</subfield><subfield code="d">DLC</subfield><subfield code="d">FUG</subfield><subfield code="d">CNW</subfield><subfield code="d">OCL</subfield><subfield code="d">CNW</subfield><subfield code="d">NYS</subfield><subfield code="d">DLC</subfield><subfield code="d">KRTAS</subfield><subfield code="d">DLC</subfield><subfield code="d">OCLCQ</subfield><subfield code="d">OCLCA</subfield><subfield code="d">OCLCF</subfield></datafield><datafield ind1="1" ind2=" " tag="029"><subfield code="a">AU@</subfield><subfield code="b">000020120837</subfield></datafield><datafield ind1=" " ind2=" " tag="042"><subfield code="a">pcc</subfield></datafield><datafield ind1=" " ind2=" " tag="043"><subfield code="a">n-us-ct</subfield></datafield><datafield ind1="0" ind2="0" tag="050"><subfield code="a">Newspaper</subfield></datafield><datafield ind1="0" ind2="4" tag="245"><subfield code="a">The New-London gazette, and general advertiser.</subfield></datafield><datafield ind1="1" ind2=" " tag="246"><subfield code="i">Issues for &lt;Mar. 20, 1839&gt;-1940 published as:</subfield><subfield code="a">New-London gazette &amp; general advertiser</subfield></datafield><datafield ind1="1" ind2=" " tag="246"><subfield code="i">Sometimes published as:</subfield><subfield code="a">New London gazette</subfield></datafield><datafield ind1="3" ind2="0" tag="246"><subfield code="a">General advertiser</subfield></datafield><datafield ind1=" " ind2=" " tag="260"><subfield code="a">New-London [Conn.] :</subfield><subfield code="b">S. Green,</subfield><subfield code="c">1823-</subfield></datafield><datafield ind1=" " ind2=" " tag="300"><subfield code="a">v.</subfield></datafield><datafield ind1=" " ind2=" " tag="310"><subfield code="a">Weekly</subfield></datafield><datafield ind1="0" ind2=" " tag="362"><subfield code="a">Vol. 60, no. 3106 (May 21, 1823)-</subfield></datafield><datafield ind1="1" ind2=" " tag="362"><subfield code="a">Ceased in 1840.</subfield></datafield><datafield ind1=" " ind2=" " tag="500"><subfield code="a">Publisher: Samuel Green, &lt;1824-1838&gt;; John Jay Hyde, &lt;1838&gt;-1840.</subfield></datafield><datafield ind1=" " ind2=" " tag="530"><subfield code="a">Available on microfilm from Connecticut Historical Society and Connecticut State Library.</subfield></datafield><datafield ind1=" " ind2="0" tag="651"><subfield code="a">New London (Conn.)</subfield><subfield code="v">Newspapers.</subfield></datafield><datafield ind1=" " ind2="0" tag="651"><subfield code="a">New London County (Conn.)</subfield><subfield code="v">Newspapers.</subfield></datafield><datafield ind1=" " ind2="7" tag="655"><subfield code="a">Newspapers.</subfield><subfield code="2">fast</subfield><subfield code="0">(OCoLC)fst01423814</subfield></datafield><datafield ind1=" " ind2="7" tag="651"><subfield code="a">Connecticut</subfield><subfield code="z">New London.</subfield><subfield code="2">fast</subfield><subfield code="0">(OCoLC)fst01205494</subfield></datafield><datafield ind1=" " ind2="7" tag="651"><subfield code="a">Connecticut</subfield><subfield code="z">New London County.</subfield><subfield code="2">fast</subfield><subfield code="0">(OCoLC)fst01221053</subfield></datafield><datafield ind1=" " ind2=" " tag="752"><subfield code="a">United States</subfield><subfield code="b">Connecticut</subfield><subfield code="c">New London</subfield><subfield code="d">New London.</subfield></datafield><datafield ind1="0" ind2="0" tag="780"><subfield code="t">Connecticut gazette (New London, Conn. : 1805)</subfield><subfield code="w">(DLC)sn 82016112</subfield><subfield code="w">(OCoLC)9163528</subfield></datafield><datafield ind1="0" ind2="0" tag="785"><subfield code="t">New-London gazette &amp; advertiser</subfield><subfield code="w">(DLC)sn 93053762</subfield><subfield code="w">(OCoLC)27478873</subfield></datafield><datafield ind1=" " ind2=" " tag="938"><subfield code="a">Kirtas Technologies, Inc.</subfield><subfield code="b">KRTS</subfield><subfield code="n">736313</subfield></datafield></record>